
@article{Muzio:2023ICRC,
    author = "Dasgupta, Paramita and Muzio, Marco Stein and others",
    collaboration = "ARA",
    title = "{Progress Towards a Diffuse Neutrino Search in the Full Livetime of the Askaryan Radio Array}",
    doi = "",
    journal = "PoS",
    volume = "ICRC",
    pages = "1226",
    year = "2023"
}

@article{Kim:2023ICRC,
    author = "Kim, Myoungchul and others",
    collaboration = "ARA",
    title = "{Enhanced Ultra-High Energy Neutrino Search at the
Askaryan Radio Array using Template-based
Techniques}",
    doi = "",
    journal = "PoS",
    volume = "ICRC",
    pages = "1148",
    year = "2023"
}

@article{Kim:2015ICRC,
    author = "Bose, Debanjan and Jeong, Minjin and Kang Woosik and Kim, JongHyun and Kim, Myoungchul and Rott, Carsten and others",
    collaboration = "IceCube",
    title = "{PINGU camera}",
    doi = "",
    journal = "PoS",
    volume = "ICRC",
    pages = "1145",
    year = "2015"
}